@book{newton1850,
  title={Newton's principia: The mathematical principles of natural philosophy},
  author={Newton, Isaac and Chittenden, NW},
  year={1850},
  publisher={Geo. P. Putnam}
}